<?xml version="1.0" encoding="UTF-8"?><record xmlns="http://www.loc.gov/MARC21/slim" xmlns:cinclude="http://apache.org/cocoon/include/1.0" xmlns:zs="http://www.loc.gov/zing/srw/">
  <leader>00605cz  a2200181n  4500</leader>
  <controlfield tag="001">no2001065602</controlfield>
  <controlfield tag="003">DLC</controlfield>
  <controlfield tag="005">20130320085858.0</controlfield>
  <controlfield tag="008">010817n| azannaabn          |a aaa     c</controlfield>
  <datafield tag="010" ind1=" " ind2=" ">
    <subfield code="a">no2001065602</subfield>
  </datafield>
  <datafield tag="035" ind1=" " ind2=" ">
    <subfield code="a">(OCoLC)oca05561533</subfield>
  </datafield>
  <datafield tag="040" ind1=" " ind2=" ">
    <subfield code="a">OCoLC</subfield>
    <subfield code="b">eng</subfield>
    <subfield code="e">rda</subfield>
    <subfield code="c">OCoLC</subfield>
    <subfield code="d">DLC</subfield>
  </datafield>
  <datafield tag="046" ind1=" " ind2=" ">
    <subfield code="f">1840</subfield>
  </datafield>
  <datafield tag="100" ind1="1" ind2=" ">
    <subfield code="a">Connelly, T. W.</subfield>
    <subfield code="q">(Thomas W.),</subfield>
    <subfield code="d">1840-</subfield>
  </datafield>
  <datafield tag="378" ind1=" " ind2=" ">
    <subfield code="q">Thomas W.</subfield>
  </datafield>
  <datafield tag="400" ind1="1" ind2=" ">
    <subfield code="w">nnea</subfield>
    <subfield code="a">Connelly, T. W.</subfield>
    <subfield code="q">(Thomas W.),</subfield>
    <subfield code="d">b. 1840</subfield>
  </datafield>
  <datafield tag="400" ind1="1" ind2=" ">
    <subfield code="a">Connelly, Thomas W.,</subfield>
    <subfield code="d">1840-</subfield>
  </datafield>
  <datafield tag="670" ind1=" " ind2=" ">
    <subfield code="a">OCLC 9563531: History of the Seventieth Ohio Regiment, 1902</subfield>
    <subfield code="b">(hdg.: Connelly, T. W. (Thomas W.), 1840- ; usage: T.W. Connelly)</subfield>
  </datafield>
</record>